@article{davenport2014analytics,
  title={Analytics in sports: The new science of winning},
  author={Davenport, Thomas H},
  journal={International Institute for Analytics},
  volume={2},
  pages={1--28},
  year={2014}
}

@misc{warsaw,
  author       = {wsbc.uoregon.edu},
  title        = {Industry Insights: The Evolution of Basketball through Technology | Warsaw Sports Business Club},
  year         = {2015}
}
@article{mccann2012player,
  title={Player tracking transforming NBA analytics},
  author={McCann, Zach},
  journal={Tech-ESPN Playbook, May},
  volume={19},
  year={2012}
}

@misc{warriors,
  author       = {Rusty Simmons},
  title        = {Competitive fire helps Kirk Lacob make his own name with Warriors},
  howpublished = {https://www.sfgate.com/warriors/article/Competitive-fire-helps-Kirk-Lacob-make-his-own-6339796.php},
  note         = {Accessed: 2020-12-23},
}